@online{site:wikipedia,
    title   = {Wikipedia},
    url     = {https://it.wikipedia.org}
}

@online{site:mediana,
    title   = {Mediana S.r.l.u.},
    url     = {http://www.mediana.com}
}

@online{site:msdn,
    title   = {Microsoft Devoloper Network},
    url     = {https://msdn.microsoft.com}
}

@online{site:closedxml,
    title   = {Libreria ClosedXML},
    url     = {http://closedxml.codeplex.com}
}

@online{site:nps,
    title   = {NPS EBS},
    url     = {http://nps-eoi.npseon.com/}
}
